%% This BibTeX bibliography file was created using BibDesk.
%% http://bibdesk.sourceforge.net/


%% Created for Vic Smith at 2012-10-16 13:06:03 +0100 


%% Saved with string encoding Unicode (UTF-8) 



@book{reilly2003,
	Author = {Reilly, E.D.},
	Date-Added = {2012-10-16 12:05:42 +0000},
	Date-Modified = {2012-10-16 12:05:56 +0000},
	Publisher = {Greenwood Publishing Group},
	Title = {Milestones in computer science and information technology},
	Year = {2003}}

@article{church1932,
	Author = {Church, A.},
	Date-Added = {2012-10-16 11:56:48 +0000},
	Date-Modified = {2012-10-16 11:57:01 +0000},
	Journal = {Annals of mathematics},
	Number = {2},
	Pages = {346--366},
	Title = {A set of postulates for the foundation of logic},
	Volume = {33},
	Year = {1932}}
