%% This BibTeX bibliography file was created using BibDesk.
%% http://bibdesk.sourceforge.net/


%% Created for Vic Smith at 2012-10-24 19:18:56 +0100 


%% Saved with string encoding Unicode (UTF-8) 



@book{malone1981makes,
	Author = {Malone, T.},
	Date-Added = {2012-10-24 18:18:50 +0000},
	Date-Modified = {2012-10-24 18:18:50 +0000},
	Number = {2-3},
	Publisher = {ACM},
	Title = {What makes computer games fun?},
	Volume = {13},
	Year = {1981}}

@article{cheong2005functional,
	Author = {Cheong, M.H.},
	Date-Added = {2012-10-24 17:11:49 +0000},
	Date-Modified = {2012-10-24 17:11:49 +0000},
	Journal = {BEng thesis, University of New South Wales, Sydney, Australia},
	Title = {Functional programming and 3D games},
	Year = {2005}}

@inproceedings{hsia1994behavior,
	Author = {Hsia, P. and Gao, J. and Samuel, J. and Kung, D. and Toyoshima, Y. and Chen, C.},
	Booktitle = {Computer Software and Applications Conference, 1994. COMPSAC 94. Proceedings., Eighteenth Annual International},
	Date-Added = {2012-10-23 17:52:53 +0000},
	Date-Modified = {2012-10-23 17:52:53 +0000},
	Organization = {IEEE},
	Pages = {293--298},
	Title = {Behavior-based acceptance testing of software systems: a formal scenario approach},
	Year = {1994}}

@article{karlstrom2005combining,
	Author = {Karlstrom, D. and Runeson, P.},
	Date-Added = {2012-10-23 16:37:02 +0000},
	Date-Modified = {2012-10-23 16:37:02 +0000},
	Journal = {Software, IEEE},
	Number = {3},
	Pages = {43--49},
	Publisher = {IEEE},
	Title = {Combining agile methods with stage-gate project management},
	Volume = {22},
	Year = {2005}}

@electronic{essentialFacts2012,
	Author = {Entertainment Software Association},
	Date-Added = {2012-10-20 12:59:45 +0000},
	Date-Modified = {2012-10-20 13:02:15 +0000},
	Url = {www.theesa.com/facts/pdfs/ESA_EF_2012.pdf},
	Urldate = {2012-10-12},
	Bdsk-Url-1 = {http://www.theesa.com/facts/pdfs/ESA_EF_2012.pdf}}

@article{crawford1984art,
	Author = {Crawford, C.},
	Date-Added = {2012-10-20 12:54:39 +0000},
	Date-Modified = {2012-10-20 12:54:39 +0000},
	Publisher = {Osborne/McGraw-Hill Berkeley, CA},
	Title = {The art of computer game design},
	Year = {1984}}

@article{hughes1989whyfp,
	Author = {Hughes, J.},
	Date-Added = {2012-10-18 12:32:55 +0000},
	Date-Modified = {2012-10-18 12:35:34 +0000},
	Journal = {The Computer Journal},
	Number = {2},
	Pages = {98--107},
	Publisher = {Br Computer Soc},
	Title = {Why functional programming matters},
	Volume = {32},
	Year = {1989}}

@inproceedings{mendelow1991stakeholder,
	Author = {Mendelow, A.},
	Booktitle = {Proceedings of the 2nd International Conference on Information Systems, Cambridge, MA},
	Date-Added = {2012-10-17 12:56:09 +0000},
	Date-Modified = {2012-10-17 12:56:09 +0000},
	Title = {Stakeholder mapping},
	Year = {1991}}

@article{mitchell1997toward,
	Author = {Mitchell, R.K. and Agle, B.R. and Wood, D.J.},
	Date-Added = {2012-10-17 12:20:31 +0000},
	Date-Modified = {2012-10-17 12:20:31 +0000},
	Journal = {Academy of management review},
	Pages = {853--886},
	Publisher = {JSTOR},
	Title = {Toward a theory of stakeholder identification and salience: Defining the principle of who and what really counts},
	Year = {1997}}

@book{paulson1996ml,
	Author = {Paulson, L.C.},
	Date-Added = {2012-10-16 15:01:28 +0000},
	Date-Modified = {2012-10-16 15:01:28 +0000},
	Publisher = {Cambridge University Press},
	Title = {ML for the Working Programmer},
	Year = {1996}}

@article{minsky2011ocaml,
	Author = {Minsky, Y.},
	Date-Added = {2012-10-16 13:00:29 +0000},
	Date-Modified = {2012-10-16 14:22:46 +0000},
	Journal = {Communications of the ACM},
	Number = {11},
	Pages = {53--58},
	Publisher = {Association for Computing Machinery},
	Title = {{OCaml} for the Masses},
	Volume = {54},
	Year = {2011}}

@inproceedings{armstrong2007history,
	Author = {Armstrong, J.},
	Booktitle = {Proceedings of the third ACM SIGPLAN conference on History of programming languages},
	Date-Added = {2012-10-16 12:58:35 +0000},
	Date-Modified = {2012-10-16 14:23:10 +0000},
	Organization = {ACM},
	Pages = {6--1},
	Title = {A history of {Erlang}},
	Year = {2007}}

@article{odersky2010programming,
	Author = {Odersky, M. and Spoon, L. and Venners, B.},
	Date-Added = {2012-10-16 12:52:04 +0000},
	Date-Modified = {2012-10-16 15:05:19 +0000},
	Journal = {Artima Inc.},
	Title = {Programming in Scala: a comprehensive step-by-step guide},
	Year = {2010}}

@book{reilly2003,
	Author = {Reilly, E.D.},
	Date-Added = {2012-10-16 12:05:42 +0000},
	Date-Modified = {2012-10-16 12:05:56 +0000},
	Publisher = {Greenwood Publishing Group},
	Title = {Milestones in computer science and information technology},
	Year = {2003}}

@article{church1932,
	Author = {Church, A.},
	Date-Added = {2012-10-16 11:56:48 +0000},
	Date-Modified = {2012-10-16 11:57:01 +0000},
	Journal = {Annals of mathematics},
	Number = {2},
	Pages = {346--366},
	Title = {A set of postulates for the foundation of logic},
	Volume = {33},
	Year = {1932}}

@webpage{groen2011,
	Author = {Groen, A.},
	Title = {The death march: the problem of crunch time in game development},
	Url = {arstechnica.com/gaming/2011/05/the-death-march},
	Year = {2011},
	Bdsk-Url-1 = {arstechnica.com/gaming/2011/05/the-death-march}}

@book{rabin2002,
	Author = {Rabin, S.},
	Publisher = {Charles River Media},
	Title = {AI Game Programming Wisdom},
	Year = {2002}}

@article{petrillo2009,
	Address = {New York, NY, USA},
	Articleno = {13},
	Author = {Petrillo, F. and Pimenta, M. and Trindade, F. and Dietrich, C.},
	Journal = {Computers in Entertainment},
	Month = feb,
	Number = {1},
	Numpages = {22},
	Pages = {13:1--13:22},
	Publisher = {ACM},
	Title = {What went wrong? A survey of problems in game development},
	Volume = {7},
	Year = {2009}}

@book{brooks1995,
	Author = {Brooks, F. P.},
	Publisher = {Addison-Wesley},
	Title = {The mythical man-month: essays on software engineering},
	Year = {1995}}

@webpage{cheplyaka2012,
	Author = {Cheplyaka, R.},
	Title = {Reasoning about space usage in Haskell},
	Url = {http://ro-che.info/articles/2012-04-08-space-usage-reasoning.html},
	Year = {2012},
	Bdsk-Url-1 = {http://ro-che.info/articles/2012-04-08-space-usage-reasoning.html}}

@webpage{ezyang2011,
	Author = {Yang, E. Z.},
	Title = {Anatomy of a thunk leak},
	Url = {http://blog.ezyang.com/2011/05/anatomy-of-a-thunk-leak/},
	Year = {2011},
	Bdsk-Url-1 = {http://blog.ezyang.com/2011/05/anatomy-of-a-thunk-leak/}}

@book{pressman2010,
	Author = {Pressman, R. S.},
	Edition = {7th},
	Publisher = {McGraw-Hill Higher Education},
	Title = {Software Engineering: A Practitioner's Approach},
	Year = {2010}}

@book{sommerville2011,
	Author = {Sommerville, I.},
	Edition = {9th},
	Publisher = {Addison-Wesley},
	Title = {Software Engineering},
	Year = {2011}}

@book{maylor2010,
	Author = {Maylor, H.},
	Edition = {4th},
	Publisher = {Pearson Education Limited},
	Title = {Project Management},
	Year = {2010}}

@article{beck1999,
	Author = {Beck, K.},
	Title = {Embracing change with extreme programming},
	Year = {1999},
	Journal = {IEEE Computer},
	Volume = {32},
	Number = {10}}

@book{beck2000,
	Author = {Beck, K.},
	Title = {Extreme Programming Explained},
	Year = {2000},
	Publisher = {Addison-Wesley Professional}}

@inproceedings{williams2001,
	Author = {Williams, L.},
	Title = {Integrating pair programming into a software development process},
	Booktitle = {14th Conference on Software Engineering Education and Training},
	Pages = {27--36},
	Year = {2001}}

@inproceedings{cockburn2000,
	Author = {Cockburn, A. and Williams, L.},
	Title = {The costs and benefits of pair programming},
	Booktitle = {First International Conference on Extreme Programming},
	Pages = {223--247},
	Year = {2000}}

@inproceedings{emden2002,
	Author = {van Emden, E. and Moonen, L.},
	Booktitle = {Ninth Working Conference on Reverse Engineering (WCRE 2002)},
	Pages = {97-106},
	Title = {Java quality assurance by detecting code smells},
	Year = {2002}}

@book{mcconnell2004,
	Address = {Redmond},
	Author = {McConnell, S.},
	Edition = {2nd},
	Publisher = {Microsoft Press},
	Title = {Code Complete: A practical handbook of software construction},
	Year = {2004}}

@book{chacon2009,
	Address = {New York},
	Author = {Chacon, S.},
	Publisher = {Apress},
	Title = {Pro Git},
	Year = {2009}}

@article{booch1982object,
  title={Object-oriented design},
  author={Booch, G.},
  journal={ACM SIGAda Ada Letters},
  volume={1},
  number={3},
  pages={64--76},
  year={1982},
  publisher={ACM}
}
@inproceedings{de1991object,
  title={Object-oriented analysis and top-down software development},
  author={de Champeaux, D.},
  booktitle={ECOOP'91 European Conference on Object-Oriented Programming},
  pages={360--376},
  year={1991},
  organization={Springer}
}
@article{kautz1994bottom,
  title={Bottom-up design of software agents},
  author={Kautz, H.A. and Selman, B. and Coen, M.},
  journal={Communications of the ACM},
  volume={37},
  number={7},
  pages={143--146},
  year={1994},
  publisher={ACM}
}

@article{page1992comparing,
  title={Comparing techniques by means of encapsulation and connascence},
  author={Page-Jones, Meilir},
  journal={Communications of the ACM},
  volume={35},
  number={9},
  pages={147--151},
  year={1992},
  publisher={ACM}
}

@inproceedings{pottier2006stratified,
  title={Stratified type inference for generalized algebraic data types},
  author={Pottier, Fran{\c{c}}ois and R{\'e}gis-Gianas, Yann},
  booktitle={ACM SIGPLAN Notices},
  volume={41},
  number={1},
  pages={232--244},
  year={2006},
  organization={ACM}
}

@book{grune2012modern,
  title={Modern compiler design},
  author={Grune, Dick and van Reeuwijk, Kees and Bal, Henri E},
  year={2012},
  publisher={Springer}
}

@inproceedings{peyton1993imperative,
  title={Imperative functional programming},
  author={Peyton Jones, Simon L and Wadler, Philip},
  booktitle={Proceedings of the 20th ACM SIGPLAN-SIGACT symposium on Principles of programming languages},
  pages={71--84},
  year={1993},
  organization={ACM}
}

@techreport{peyton2001tackling,
  title={Tackling the awkward squad},
  author={Peyton-Jones, Simon},
  year={2001},
  institution={Technical report, Microsoft Research, Cambridge}
}

@inproceedings{claessen2000,
  author = {Claessen, K. and Hughes, J.},
  title = {QuickCheck: A Lightweight Tool for Random Testing of Haskell Programs},
  booktitle = {ACM SIGPLAN Notices},
  pages = {268--279},
  year = {2000}
}

@inproceedings{claessen2002,
  author = {Claessen, K. and Hughes, J.},
  title = {Testing Monadic Code with QuickCheck},
  booktitle = {ACM SIGPLAN Workshop on Haskell},
  pages = {65--77},
  year = {2002}
}

@book{beck2003,
  author = {Beck, K.},
  title = {Test-Driven Development: By Example},
  publisher = {Addison Wesley Professional},
  year = {2003}
}

@article{erdogmus2005,
  author = {Erdogmus, H. and Morisio, M. and Torchiano, M.},
  title = {On the effectiveness of the test-first approach to programming},
  journal = {IEEE Transactions on Software Engineering},
  volume = {31},
  number = {3},
  pages = {226--237},
  year = {2005}
}

@article{haddon1988electronic,
  title={Electronic and computer games: The history of an interactive medium},
  author={Haddon, Leslie},
  journal={Screen},
  volume={29},
  number={2},
  pages={52--73},
  year={1988},
  publisher={John Logie Baird Centre}
}

@article{taliaferro1971modularity,
  title={Modularity the key to system growth potential},
  author={Taliaferro, WM},
  journal={Software: Practice and Experience},
  volume={1},
  number={3},
  pages={245--257},
  year={1971},
  publisher={Wiley Online Library}
}

@article{wolverton1974cost,
  title={The cost of developing large-scale software},
  author={Wolverton, Ray W},
  journal={Computers, IEEE Transactions on},
  volume={100},
  number={6},
  pages={615--636},
  year={1974},
  publisher={IEEE}
}

@article{hudak1989conception,
  title={Conception, evolution, and application of functional programming languages},
  author={Hudak, Paul},
  journal={ACM Computing Surveys (CSUR)},
  volume={21},
  number={3},
  pages={359--411},
  year={1989},
  publisher={ACM}
}

@inproceedings{wadler1992essence,
  title={The essence of functional programming},
  author={Wadler, Philip},
  booktitle={Proceedings of the 19th ACM SIGPLAN-SIGACT symposium on Principles of programming languages},
  pages={1--14},
  year={1992},
  organization={ACM}
}

@incollection{wadler1995monads,
  title={Monads for functional programming},
  author={Wadler, Philip},
  booktitle={Advanced Functional Programming},
  pages={24--52},
  year={1995},
  publisher={Springer}
}

@misc{hawkinscontrolling,
  title={Controlling hybrid vehicles with Haskell. Presentation. Commercial Users of Functional Programming, {CUFP} (2008)},
  author={Hawkins, Tom}
}

@inproceedings{stm,
 author = {Harris, Tim and Marlow, Simon and Peyton-Jones, Simon and Herlihy, Maurice},
 title = {Composable memory transactions},
 booktitle = {Proceedings of the tenth ACM SIGPLAN symposium on Principles and practice of parallel programming},
 year = {2005},
 pages = {48--60},
 publisher = {ACM},
 address = {New York, NY, USA},
} 

@ONLINE{civilizationInMyPants,
author = {Sid Meier},
title = {Civilization Games},
month = jun,
year = {2012},
url = {http://civilization.com/}
}

@inproceedings{roundy2005darcs,
  title={Darcs: distributed version management in haskell},
  author={Roundy, D.},
  booktitle={Proceedings of the 2005 ACM SIGPLAN workshop on Haskell},
  pages={1--4},
  year={2005},
  organization={ACM}
}

@article{brooks1987bullet,
  title={No silver bullet: Essence and accidents of software engineering},
  author={Brooks, F. P.},
  journal={IEEE computer},
  volume={20},
  number={4},
  pages={10--19},
  year={1987}
}

@INPROCEEDINGS{moseley2006tarpit,
  author = {Moseley, B. and Marks, P.},
  title = {Out of the Tar Pit},
  booktitle = {Software Practice Advancement (SPA)},
  year = {2006},
}

@mastersthesis{smallbone2011,
  author = {Smallbone, N.},
  title = {Property-based testing for functional programs},
  school = {Chalmers University of Technology},
  type = {Licentiate Thesis},
  year = {2011},
}

@article{backus1978liberate,
  author = {Backus, J.},
  title = {Can programming be liberated from the von Neumann style? A functional style and its algebra of programs},
  journal = {Communications of the ACM},
  volume = {21},
  number = {8},
  month = aug,
  year = {1978},
  pages = {613--641},
  publisher = {ACM},
  address = {New York, NY, USA},
}

@article{parnas1972modular,
  author = {Parnas, D. L.},
  title = {On the criteria to be used in decomposing systems into modules},
  journal = {Communications of the ACM},
  volume = {15},
  number = {12},
  month = dec,
  year = {1972},
  publisher = {ACM},
  address = {New York, NY, USA},
}

@article{dijkstra1972humble,
  title={The humble programmer},
  author={Dijkstra, Edsger W},
  journal={Communications of the ACM},
  volume={15},
  number={10},
  pages={859--866},
  year={1972},
  publisher={ACM}
}

@article{goldratt,
  Author = {Rand, G. K.},
  Journal = {The Journal of the Operational Research Society},
  Language = {English},
  Number = {2},
  Pages = {181},
  Publisher = {Palgrave Macmillan Journals on behalf of the Operational Research Society},
  Title = {Critical Chain},
  Volume = {49},
  Year = {1998}
}

@article{bryan1967parkinson,
  title={Parkinson's law as a goal-setting phenomenon},
  author={Bryan, Judith F and Locke, Edwin A},
  journal={Organizational Behavior and Human Performance},
  volume={2},
  number={3},
  pages={258--275},
  year={1967},
  publisher={Elsevier}
}

@article{negative2000LinesStory,
  title = {-2000 Lines Of Code},
  author = {Andy Hertzfeld},
  year = {1982},
  url = {http://folklore.org/StoryView.py?story=Negative_2000_Lines_Of_Code.txt}
}

@article{atkinson1999,
  title = {Project management: cost, time and quality, two best guesses and a phenomenon, its time to accept other success criteria},
  author = {Roger Atkinson},
  publisher = {International Journal of Project Management Vol.},
  year = {1992}
}

@article{shenhar,
  title = {Mapping the dimensions of project success.},
  page = { p5, 9p, 3},
  volume = {28},
  number = {2},
  journal = {Project Management Journal},
  author = {Shenhar, Aaron J. Levy, Ofer},
  year = {1992}
}

@book{realworldhaskell,
 author = {O'Sullivan, Bryan and Goerzen, John and Stewart, Don},
 title = {Real World Haskell},
 year = {2008},
 edition = {1st},
 publisher = {O'Reilly Media, Inc.},
} 

@unpublished{EWD303,
  author = "Edsger W. Dijkstra",
  title = "On the reliability of programs",
  year = "1971",
  note = "circulated privately",
  url = "http://www.cs.utexas.edu/users/EWD/ewd03xx/EWD303.PDF",
}

@article{gardner1970mathematical,
  title={Mathematical games: The fantastic combinations of {John Conway's} new solitaire game ``life''},
  author={Gardner, Martin},
  journal={Scientific American},
  volume={223},
  number={4},
  pages={120--123},
  year={1970}
}
